@article{bui2024compact,
    title = {Compact Chipless {RFID} Sensor for Frozen Food Monitoring},
    author = {Bui, Cong Danh and Quinn, Aidan and Iacopino, Daniela and Narbudowicz, Adam},
    journal = {IEEE Sensors Journal},
    year = {2024},
    publisher = {IEEE}
}

@article{grecuccio2020combining,
    title = {Combining Blockchain and {IoT}: Food-Chain Traceability and Beyond},
    author = {Grecuccio, J. and Giusto, E. and Fiori, F. and Rebaudengo, M.},
    journal = {Energies},
    volume = {13},
    number = {15},
    pages = {3820},
    year = {2020}
}

@article{rahman2021traceability,
    title = {Traceability of Sustainability and Safety in Fishery Supply Chain Management Systems Using Radio Frequency Identification Technology},
    author = {Rahman, Labonnah Farzana and Alam, Lubna and Marufuzzaman, Mohammad and Sumaila, Ussif Rashid},
    journal = {Foods},
    volume = {10},
    number = {10},
    pages = {2265},
    year = {2021},
    publisher = {MDPI}
}

@article{sharif2021machine,
    title = {Machine Learning Enabled Food Contamination Detection Using {RFID} and Internet of Things System},
    author = {Sharif, Abubakar and Abbasi, Qammer H. and Arshad, Kamran and Ansari, Shuja and Ali, Muhammad Zulfiqar and Kaur, Jaspreet and Abbas, Hasan T. and Imran, Muhammad Ali},
    journal = {Journal of Sensor and Actuator Networks},
    volume = {10},
    number = {4},
    pages = {63},
    year = {2021},
    publisher = {MDPI}
}

@article{shrivastava2023iot,
    title = {{IoT} and Radio Telemetry Based Wireless Engine Control and Real-Time Position Tracking System for an Agricultural Tractor},
    author = {Shrivastava, Prateek and Tewari, Virendra Kumar and Gupta, Chanchal and Singh, Gajendra},
    journal = {Discover Internet of Things},
    volume = {3},
    number = {1},
    pages = {6},
    year = {2023},
    publisher = {Springer}
}

@article{costa2021review,
    title = {A Review of {RFID} Sensors, the New Frontier of Internet of Things},
    author = {Costa, Filippo and Genovesi, Simone and Borgese, Michele and Michel, Andrea and Dicandia, Francesco Alessio and Manara, Giuliano},
    journal = {Sensors},
    volume = {21},
    number = {9},
    pages = {3138},
    year = {2021},
    publisher = {MDPI}
}

@article{tagarakis2021bridging,
    title = {Bridging the Gaps in Traceability Systems for Fresh Produce Supply Chains: Overview and Development of an Integrated {IoT}-Based System},
    author = {Tagarakis, Aristotelis C. and Benos, Lefteris and Kateris, Dimitrios and Tsotsolas, Nikolaos and Bochtis, Dionysis},
    journal = {Applied Sciences},
    volume = {11},
    number = {16},
    pages = {7596},
    year = {2021},
    publisher = {MDPI}
}

@article{wang2021smart,
    title = {Smart Contract-Based Agricultural Food Supply Chain Traceability},
    author = {Wang, Lu and Xu, Longqin and Zheng, Zhiying and Liu, Shuangyin and Li, Xiangtong and Cao, Liang and Li, Jingbin and Sun, Chuanheng},
    journal = {IEEE Access},
    volume = {9},
    pages = {9296--9307},
    year = {2021},
    publisher = {IEEE}
}

@article{rayhana2021rfid,
    author = {Rayhana, Rakiba and Xiao, Gaozhi George and Liu, Zheng},
    title = {Printed Sensor Technologies for Monitoring Applications in Smart Farming: A Review},
    journal = {IEEE Transactions on Instrumentation and Measurement},
    volume = {70},
    pages = {1--19},
    year = {2021},
    doi = {10.1109/TIM.2021.3112234}
}

@article{visconti2020development,
    author = {Visconti, Paolo and de Fazio, Roberto and Vel\'{a}zquez, Ramiro and Del-Valle-Soto, Carolina and Giannoccaro, Nicola Ivan},
    title = {Development of Sensors-Based Agri-Food Traceability System Remotely Managed by a Software Platform for Optimized Farm Management},
    journal = {Sensors},
    volume = {20},
    number = {13},
    pages = {3632},
    year = {2020},
    doi = {10.3390/s20133632}
}

@article{elbeheiry2023technologies,
    author = {ElBeheiry, Nabila and Balog, Robert S.},
    title = {Technologies Driving the Shift to Smart Farming: A Review},
    journal = {IEEE Sensors Journal},
    volume = {23},
    number = {3},
    pages = {1752--1769},
    year = {2023},
    doi = {10.1109/JSEN.2022.3225183}
}

@article{ahmed2024optimized,
    title = {Optimized Data Fusion with Scheduled Rest Periods for Enhanced Smart Agriculture via Blockchain Integration},
    author = {Ahmed, Adeel and Parveen, Irum and Abdullah, Saima and Ahmad, Israr and Alturki, Nazik and Jamel, Leila},
    journal = {IEEE Access},
    year = {2024},
    publisher = {IEEE}
}

@article{rosero2023smart,
    title = {Smart Farming Robot for Detecting Environmental Conditions in a Greenhouse},
    author = {Rosero-Montalvo, Paul D. and Gordillo-Gordillo, Carlos A. and Hernandez, Wilmar},
    journal = {IEEE Access},
    volume = {11},
    pages = {57843--57853},
    year = {2023},
    doi = {10.1109/ACCESS.2023.3283986}
}

@article{makario2021bluetooth,
    title = {A {Bluetooth} Low Energy ({BLE}) Based System for Livestock Tracking and Localization},
    author = {Makario, Jared and wa Maina, Ciira},
    booktitle = {2021 IST-Africa Conference (IST-Africa)},
    pages = {1--7},
    year = {2021},
    organization = {IEEE},
    doi = {10.1109/IST-Africa52578.2021.9617283}
}

@article{hernandez2024implementation,
    title = {Implementation of an Adaptive Data Logging Algorithm in Low-Cost {IoT} Nodes for Supply Chain Transport Monitoring},
    author = {Hernandez, Jose Yael Lopez and Gonzalez, Enrique and Pena, Raul and Bento, Antonio Carlos and Camacho-Leon, Sergio},
    journal = {IEEE Latin America Transactions},
    volume = {22},
    number = {10},
    pages = {842--853},
    year = {2024},
    publisher = {IEEE}
}

@article{al2021prochain,
    title = {{ProChain}: Provenance-Aware Traceability Framework for {IoT}-Based Supply Chain Systems},
    author = {Al-Rakhami, Mabrook S. and Al-Mashari, Majed},
    journal = {IEEE Access},
    volume = {10},
    pages = {3631--3642},
    year = {2021},
    doi = {10.1109/ACCESS.2021.3051932}
}

@article{tharatipyakul2021user,
    title = {User Interface of Blockchain-Based Agri-Food Traceability Applications: A Review},
    author = {Tharatipyakul, Atima and Pongnumkul, Suporn},
    journal = {IEEE Access},
    volume = {9},
    pages = {82909--82929},
    year = {2021},
    doi = {10.1109/ACCESS.2021.3087592}
}